% This file was created with JabRef 2.7.2.
% Encoding: Cp1252

@ARTICLE{MCTSSurvey,
  author = {C. Browne and E. Powley and D. Whitehouse and S. Lucas and P. Cowling
	and P. Rohlfshagen and S. Tavener and D. Perez and S. Samothrakis
	and S. Colton},
  title = {{A Survey of Monte Carlo Tree Search Methods}},
  journal = {IEEE Transactions on Computational Intelligence and AI in Games},
  year = {2012},
  volume = {4:1},
  pages = {1--43},
  owner = {diego},
  timestamp = {2012.04.16}
}

@INPROCEEDINGS{PerezCEC2012,
  author = {D. Perez and P. Rohlfshagen and S. Lucas},
  title = {{The Physical Travelling Salesman Problem: WCCI 2012 Competition}},
  booktitle = {Proceedings of the IEEE Congress on Evolutionary Computation},
  year = {2012},
  owner = {diego},
  timestamp = {2012.04.16}
}

@comment{jabref-meta: selector_review:}

@comment{jabref-meta: selector_publisher:}

@comment{jabref-meta: selector_author:}

@comment{jabref-meta: selector_journal:}

@comment{jabref-meta: selector_keywords:}

